<collection xmlns="http://www.loc.gov/MARC21/slim"><record><leader>00837nam  2200241   450</leader><controlfield tag="001">703</controlfield><controlfield tag="003">http://montalegre.opacnet.com/OPAC/default.aspx?ContentAreaControl=ShowRegHoldings.ascx&amp;RegNo=16662</controlfield><controlfield tag="005">20</controlfield><datafield tag="095" ind1=" " ind2=" "><subfield code="a">PTBN00049173</subfield></datafield><datafield tag="100" ind1=" " ind2=" "><subfield code="a">19770301d1977    m  y0pora010305  ba</subfield></datafield><datafield tag="101" ind1="0" ind2=" "><subfield code="a">por</subfield></datafield><datafield tag="102" ind1=" " ind2=" "><subfield code="a">PT</subfield></datafield><datafield tag="200" ind1="1" ind2=" "><subfield code="a">Romance da gata preta</subfield><subfield code="e">fábulas e outras poesias</subfield><subfield code="f">Patrícia Joyce</subfield></datafield><datafield tag="205" ind1=" " ind2=" "><subfield code="a">2ª ed</subfield></datafield><datafield tag="210" ind1=" " ind2=" "><subfield code="a">Lisboa</subfield><subfield code="c">Sociedade de Expansão Cultural</subfield><subfield code="d">1977</subfield></datafield><datafield tag="215" ind1=" " ind2=" "><subfield code="a">75, [4] p.</subfield><subfield code="c">il.</subfield><subfield code="d">24 cm</subfield></datafield><datafield tag="300" ind1=" " ind2=" "><subfield code="a">Patrícia Joyce, pseud. de Dagmar Joyce Damas Mora, 1913-</subfield></datafield><datafield tag="675" ind1=" " ind2=" "><subfield code="a">821.134.3-1"19"</subfield><subfield code="v">med</subfield><subfield code="z">por</subfield></datafield><datafield tag="700" ind1=" " ind2="1"><subfield code="a">Joyce</subfield><subfield code="b">Patrícia</subfield><subfield code="c">pseud</subfield></datafield><datafield tag="801" ind1=" " ind2="0"><subfield code="a">PT</subfield><subfield code="b">Biblioteca Municipal de Montalegre</subfield><subfield code="g">RPC</subfield></datafield><datafield tag="856" ind1=" " ind2=" "><subfield code="u">locateMedia.asp?cod=20060526111746&amp;ext=jpg</subfield><subfield code="z">CAPA</subfield></datafield><datafield tag="909" ind1="&#9;" ind2=" "><subfield code="a">3</subfield></datafield><datafield tag="966" ind1=" " ind2=" "><subfield code="a">0001134</subfield><subfield code="l">BMM</subfield><subfield code="s">SI 82-1 JOY rom</subfield></datafield><datafield tag="966" ind1=" " ind2=" "><subfield code="a">0001132</subfield><subfield code="l">BMM</subfield><subfield code="s">SI 82-1 JOY rom</subfield></datafield><datafield tag="966" ind1=" " ind2=" "><subfield code="a">1100163</subfield><subfield code="l">BEBB</subfield><subfield code="s">BEBB 82-93 JOYp</subfield></datafield></record></collection>